<record xmlns="http://www.loc.gov/MARC21/slim">
   <leader>01924cam a2200457 a 4500</leader>
   <controlfield tag="001">6788780</controlfield>
   <controlfield tag="003">OCoLC</controlfield>
   <controlfield tag="005">20150109114433.0</controlfield>
   <controlfield tag="008">141205s2015    gw a     b    100 0 ger d</controlfield>
   <datafield ind1="7" ind2=" " tag="016">
      <subfield code="a">1059934248</subfield>
      <subfield code="2">GyFmDB</subfield>
   </datafield>
   <datafield ind1=" " ind2=" " tag="020">
      <subfield code="a">9783732901203</subfield>
      <subfield code="q">(pbk.)</subfield>
   </datafield>
   <datafield ind1=" " ind2=" " tag="020">
      <subfield code="a">3732901203</subfield>
      <subfield code="q">(pbk.)</subfield>
   </datafield>
   <datafield ind1=" " ind2=" " tag="020">
      <subfield code="z">9783732998906</subfield>
      <subfield code="q">(online)</subfield>
   </datafield>
   <datafield ind1=" " ind2=" " tag="035">
      <subfield code="a">ocn897734596</subfield>
   </datafield>
   <datafield ind1=" " ind2=" " tag="039">
      <subfield code="a">(OCoLC)897734596</subfield>
      <subfield code="f">OCLC</subfield>
   </datafield>
   <datafield ind1=" " ind2=" " tag="040">
      <subfield code="a">OHX</subfield>
      <subfield code="b">eng</subfield>
      <subfield code="c">OHX</subfield>
      <subfield code="d">OCLCQ</subfield>
      <subfield code="d">LTSCA</subfield>
      <subfield code="d">AEU</subfield>
   </datafield>
   <datafield ind1="0" ind2=" " tag="041">
      <subfield code="a">ger</subfield>
      <subfield code="a">fre</subfield>
   </datafield>
   <datafield ind1=" " ind2="4" tag="050">
      <subfield code="a">PT2625.O66</subfield>
      <subfield code="b">Z92 2015</subfield>
   </datafield>
   <datafield ind1=" " ind2="7" tag="072">
      <subfield code="a">PN</subfield>
      <subfield code="2">lcco</subfield>
   </datafield>
   <datafield ind1=" " ind2=" " tag="090">
      <subfield code="a">PT 2625 O685 Z92 2015</subfield>
      <subfield code="b">AEU</subfield>
   </datafield>
   <datafield ind1="0" ind2="0" tag="245">
      <subfield code="a">Soma Morgenstern :</subfield>
      <subfield code="b">von Galizien ins amerikanische Exil = Soma Morgenstern : de la Galicie à l'exil américain /</subfield>
      <subfield code="c">Jacques Lajarrige (Hg.).</subfield>
   </datafield>
   <datafield ind1="3" ind2="1" tag="246">
      <subfield code="a">Soma Morgenstern :</subfield>
      <subfield code="b">de la Galicie a l'exil americain</subfield>
   </datafield>
   <datafield ind1=" " ind2=" " tag="260">
      <subfield code="a">Berlin :</subfield>
      <subfield code="b">Frank &amp; Timme,</subfield>
      <subfield code="c">c2015.</subfield>
   </datafield>
   <datafield ind1=" " ind2=" " tag="300">
      <subfield code="a">498 pages :</subfield>
      <subfield code="b">illustrations ;</subfield>
      <subfield code="c">21 cm.</subfield>
   </datafield>
   <datafield ind1=" " ind2=" " tag="336">
      <subfield code="a">text</subfield>
      <subfield code="b">txt</subfield>
      <subfield code="2">rdacontent</subfield>
   </datafield>
   <datafield ind1=" " ind2=" " tag="337">
      <subfield code="a">unmediated</subfield>
      <subfield code="b">n</subfield>
      <subfield code="2">rdamedia</subfield>
   </datafield>
   <datafield ind1=" " ind2=" " tag="338">
      <subfield code="a">volume</subfield>
      <subfield code="b">nc</subfield>
      <subfield code="2">rdacarrier</subfield>
   </datafield>
   <datafield ind1="1" ind2=" " tag="490">
      <subfield code="a">Forum: Österreich,</subfield>
      <subfield code="x">2363-4855 ;</subfield>
      <subfield code="v">Bd. 1</subfield>
   </datafield>
   <datafield ind1=" " ind2=" " tag="500">
      <subfield code="a">Proceedings of a conference held in Toulouse, France, 27-29 November 2013.</subfield>
   </datafield>
   <datafield ind1=" " ind2=" " tag="504">
      <subfield code="a">Includes bibliographical references.</subfield>
   </datafield>
   <datafield ind1=" " ind2=" " tag="546">
      <subfield code="a">Six papers in French; foreword in German and French.</subfield>
   </datafield>
   <datafield ind1=" " ind2=" " tag="596">
      <subfield code="a">43</subfield>
   </datafield>
   <datafield ind1="1" ind2="0" tag="600">
      <subfield code="a">Morgenstern, Soma,</subfield>
      <subfield code="d">1890-1976</subfield>
      <subfield code="x">Criticism and interpretation</subfield>
      <subfield code="v">Congresses.</subfield>
   </datafield>
   <datafield ind1="1" ind2="0" tag="600">
      <subfield code="a">Morgenstern, Soma,</subfield>
      <subfield code="d">1890-1976</subfield>
      <subfield code="x">Friends and associates</subfield>
      <subfield code="v">Congresses.</subfield>
   </datafield>
   <datafield ind1="1" ind2="0" tag="600">
      <subfield code="a">Morgenstern, Soma,</subfield>
      <subfield code="d">1890-1976</subfield>
      <subfield code="x">Exile</subfield>
      <subfield code="v">Congresses.</subfield>
   </datafield>
   <datafield ind1=" " ind2="0" tag="650">
      <subfield code="a">Authors, Austrian</subfield>
      <subfield code="y">20th century</subfield>
      <subfield code="v">Biography</subfield>
      <subfield code="v">Congresses.</subfield>
   </datafield>
   <datafield ind1=" " ind2="0" tag="650">
      <subfield code="a">Exiled Jewish authors</subfield>
      <subfield code="z">Austria</subfield>
      <subfield code="v">Congresses.</subfield>
   </datafield>
   <datafield ind1=" " ind2="0" tag="650">
      <subfield code="a">Exiled Jewish authors</subfield>
      <subfield code="z">United States</subfield>
      <subfield code="v">Congresses.</subfield>
   </datafield>
   <datafield ind1=" " ind2="0" tag="830">
      <subfield code="a">Forum: Österreich ;</subfield>
      <subfield code="v">Bd. 1.</subfield>
   </datafield>
   <datafield ind1=" " ind2=" " tag="949">
      <subfield code="a">PT 2625 O685 Z92 2015</subfield>
      <subfield code="h">UAHS-B</subfield>
      <subfield code="i">0162034185452</subfield>
   </datafield>
   <datafield ind1=" " ind2=" " tag="926">
      <subfield code="a">PT 2625 O685 Z92 2015</subfield>
      <subfield code="w">LC</subfield>
      <subfield code="c">1</subfield>
      <subfield code="i">0162034185452</subfield>
      <subfield code="l">ON_SHELF</subfield>
      <subfield code="m">UAHSS</subfield>
      <subfield code="p">$150.00</subfield>
      <subfield code="r">Y</subfield>
      <subfield code="s">Y</subfield>
      <subfield code="t">BOOK</subfield>
      <subfield code="u">1/23/2015</subfield>
   </datafield>
</record>
